<record><leader>00000cas a22000007a 4500</leader><controlfield tag="001">19293831</controlfield><controlfield tag="008">890303d19791983mouwr ne      0    0eng d</controlfield><datafield ind1=" " ind2=" " tag="010"><subfield code="a">sn 89066208 </subfield></datafield><datafield ind1=" " ind2=" " tag="040"><subfield code="a">MQN</subfield><subfield code="b">eng</subfield><subfield code="c">MQN</subfield><subfield code="d">OCLCQ</subfield></datafield><datafield ind1=" " ind2=" " tag="042"><subfield code="a">msc</subfield></datafield><datafield ind1="0" ind2="0" tag="245"><subfield code="a">Macon County home press.</subfield></datafield><datafield ind1="3" ind2="0" tag="246"><subfield code="a">La Plata home press &amp; the Atlanta express</subfield></datafield><datafield ind1=" " ind2=" " tag="260"><subfield code="a">La Plata, Macon County, Mo. :</subfield><subfield code="b">Nathan B. Walker,</subfield><subfield code="c">1979-1983.</subfield></datafield><datafield ind1=" " ind2=" " tag="300"><subfield code="a">v.</subfield></datafield><datafield ind1=" " ind2=" " tag="310"><subfield code="a">Weekly</subfield></datafield><datafield ind1="0" ind2=" " tag="362"><subfield code="a">Vol. 101, no. 33 (Mar. 8, 1979)-v. 105, no. 45 (May 25, 1983).</subfield></datafield><datafield ind1=" " ind2=" " tag="500"><subfield code="a">Also on masthead: La Plata home &amp; Atlanta express, Mar. 8, 1979-Nov. 7, 1979.</subfield></datafield><datafield ind1=" " ind2=" " tag="752"><subfield code="a">United States</subfield><subfield code="b">Missouri</subfield><subfield code="c">Macon</subfield><subfield code="d">La Plata.</subfield></datafield><datafield ind1="0" ind2="0" tag="780"><subfield code="t">Plata home press &amp; the Atlanta express</subfield><subfield code="w">(DLC)sn 89066207</subfield></datafield><datafield ind1="0" ind2="0" tag="785"><subfield code="t">Home press (La Plata, Mo. : 1983)</subfield><subfield code="w">(DLC)sn 83008635</subfield></datafield></record>